<?xml version="1.0" encoding="UTF-8"?><collection xmlns="http://www.loc.gov/MARC21/slim"><record><leader>00597nam--2200181-u-4500</leader><controlfield tag="001">000054901</controlfield><controlfield tag="002">20161230</controlfield><controlfield tag="005">20161230201051</controlfield><controlfield tag="008">120629s1000------------r-----000-0-eng-d</controlfield><datafield ind1=" " ind2=" " tag="040"><subfield code="a">IFIN-HH</subfield></datafield><datafield ind1=" " ind2=" " tag="080"><subfield code="a">539.18</subfield></datafield><datafield ind1="1" ind2=" " tag="100"><subfield code="a">Hartree, Douglas R</subfield></datafield><datafield ind1="1" ind2="0" tag="245"><subfield code="a">The calculation of atomic structures</subfield><subfield code="b">Based on lectures given under the aauspices of the william pyle philips fund of haverford college 1955</subfield><subfield code="c">Douglas r. hartree</subfield></datafield><datafield ind1=" " ind2=" " tag="260"><subfield code="a">New York</subfield><subfield code="b">John Wiley And Sons, Inc</subfield><subfield code="c">1957</subfield></datafield><datafield ind1=" " ind2=" " tag="300"><subfield code="a">181P</subfield></datafield><datafield ind1=" " ind2=" " tag="490"><subfield code="a">Structure Of Matter Series</subfield></datafield><datafield ind1=" " ind2=" " tag="852"><subfield code="a">13042</subfield><subfield code="c">539.18</subfield></datafield><datafield ind1=" " ind2=" " tag="CAT"><subfield code="a">Sys</subfield><subfield code="c">20120629</subfield><subfield code="h">143454</subfield></datafield></record></collection>